{"items":{"fruit":{"easy peeler":[["tc",{"id":"312572968","n":"Tesco Sweet Easy Peeler Each","p":0.3,"q":1,"u":"u","nw":{"t":1,"u":"u"},"ppuom":"£0.30/each","img":"https://digitalcontent.api.tesco.com/v2/media/ghs/fd2f8e65-e65d-4f89-b218-88db89800876/67ef8681-9854-40e7-9660-dbf7099ee0cb.jpeg?h=225&w=225"}],["as",{"id":"1000144509223","n":"Garden Gang Super Easy Peelers","p":0.74,"u":"Each","nw":{"t":500,"u":"g"},"ppuom":"£1.48/KG","img":"https://ui.assets-asda.com/dm/asdagroceries/5057172014866?$ProdList$"}],["al",{"id":"000000000000271757","n":"Mini Easy Peelers","p":0.89,"q":1,"u":"pac","nw":{"t":500,"u":"g"},"img":"https://dm.emea.cms.aldi.cx/is/image/aldiprodeu/product/jpg/scaleWidth/200/58aa000d-7937-422b-a3ff-bba5352f719c/Mini Easy Peelers"}],["ms",{"id":"112943450","n":"Morrisons Savers Easy Peelers","p":0.99,"q":1,"u":"pack","nw":{"t":600,"u":"g"},"ppuom":"1.65/kg","img":" https://groceries.morrisons.com/images-v3/4b85987b-1398-4173-a0c1-3546047c9d74/f0de2c02-0e26-4326-bf12-c060ef16c108/200x200.webp"}],["oc",{"id":"518331011","n":"M&S Taste Buds Seedless Easy Peelers","p":1.5,"q":1,"u":"pack","nw":{"t":500,"u":"g"},"ppuom":"3.00/kg","img":" https://www.ocado.com/images-v3/eafa5127-d256-497b-9609-4869092accd6/fc69af23-323c-4ae4-ae87-c48dae90115f/200x200.webp"}]],"apple":[["al",{"id":"000000000340660001","n":"Apple Snack Pack","p":0.39,"q":1,"u":"ea","nw":{"t":80,"u":"g"},"img":"https://dm.emea.cms.aldi.cx/is/image/aldiprodeu/product/jpg/scaleWidth/200/0f732f8f-ac55-4326-a419-5ac9c9773132/Apple Snack Pack"}],["as",{"id":"910001413503","n":"Crisp & Juicy Apple Slices & Grapes","p":0.44,"u":"Each","nw":{"t":80,"u":"g"},"ppuom":"£5.50/KG","img":"https://ui.assets-asda.com/dm/asdagroceries/5054070299173?$ProdList$"}],["tc",{"id":"253559147","n":"Large Gala Apples Loose Class 1","p":0.44,"q":1,"u":"u","nw":{"t":1,"u":"u"},"ppuom":"£2.75/kg","img":"https://digitalcontent.api.tesco.com/v2/media/ghs/b696d18f-a388-49ea-a358-a5c333d58784/2f0d3369-16c8-40f2-a226-1780784c671f_871105349.jpeg?h=225&w=225"}],["ms",{"id":"109861517","n":"Morrisons Market Street Loose Golden Delicious Apples","p":0.5,"q":1,"u":"u","nw":{"t":1,"u":"u"},"ppuom":"0.50/each","img":" https://groceries.morrisons.com/images-v3/4b85987b-1398-4173-a0c1-3546047c9d74/ac17297a-1d11-4591-b168-9084078f4bec/200x200.webp"}],["oc",{"id":"518241011","n":"M&S Pineapple Perfectly Ripe","p":1.2,"q":1,"u":"u","nw":{"t":1,"u":"u"},"ppuom":"1.20/each","img":" https://www.ocado.com/images-v3/eafa5127-d256-497b-9609-4869092accd6/9591110a-675c-40a6-ad8c-f28373b74fd2/200x200.webp"}]],"banana":[["al",{"id":"000000000000267186","n":"Banana","p":0.16,"q":1,"u":"ea","nw":{"t":1,"u":"u"},"img":"https://dm.emea.cms.aldi.cx/is/image/aldiprodeu/product/jpg/scaleWidth/200/d76dff17-6329-4207-9693-cdbbc26c07e8/Banana"}],["tc",{"id":"275280804","n":"Tesco Bananas Loose","p":0.16,"q":1,"u":"u","nw":{"t":177.77777777777777,"u":"g"},"ppuom":"£0.90/kg","img":"https://digitalcontent.api.tesco.com/v2/media/ghs/0953f088-44b2-4036-ad8f-f4d993fdc951/f28f5947-6acc-4df2-b970-f9295bf66fed.jpeg?h=225&w=225"}],["ms",{"id":"108491948","n":"Morrisons Loose Banana","p":0.19,"q":1,"u":"pack","nw":{"t":1,"u":"u"},"ppuom":"0.99/kg","img":" https://groceries.morrisons.com/images-v3/4b85987b-1398-4173-a0c1-3546047c9d74/4bb98cbc-e42e-4881-8941-ee807bc7f8e5/200x200.webp"}],["as",{"id":"1000383217988","n":"Garden Gang 7 Brilliant Bananas (Colour may vary)","p":0.74,"u":"Each","nw":{"t":7,"u":"u"},"ppuom":"10.6p/EA","img":"https://ui.assets-asda.com/dm/asdagroceries/5063089466445?$ProdList$"}],["oc",{"id":"620106011","n":"M&S Rainforest Alliance Small Bananas","p":1,"q":1,"u":"pack","nw":{"t":"5","u":"u"},"ppuom":"0.20/each","img":" https://www.ocado.com/images-v3/eafa5127-d256-497b-9609-4869092accd6/7d3368c8-8890-4ea3-a3e5-0daddb946e36/200x200.webp"}]],"blueberries":[["al",{"id":"000000000000276894","n":"Wonky Blueberries","p":1.09,"q":1,"u":"pac","nw":{"t":125,"u":"g"},"img":"https://dm.emea.cms.aldi.cx/is/image/aldiprodeu/product/jpg/scaleWidth/200/96a7e656-e4d8-4a49-9437-7bb0d198008c/Wonky Blueberries"}],["ms",{"id":"113455600","n":"Morrisons Savers Blueberries ","p":1.29,"q":1,"u":"pack","nw":{"t":125,"u":"g"},"ppuom":"10.32/kg","img":" https://groceries.morrisons.com/images-v3/4b85987b-1398-4173-a0c1-3546047c9d74/23ca369c-8e13-4656-8a3b-54d31c930e0e/200x200.webp"}],["tc",{"id":"292248675","n":"Rosedene Farms Blueberries 150G","p":1.35,"q":1,"u":"u","nw":{"t":150,"u":"g"},"ppuom":"£9.00/kg","img":"https://digitalcontent.api.tesco.com/v2/media/ghs/d0b5518f-589f-4305-8ee2-1e43524d6455/38b50796-b416-4cf2-bae2-17485fed6dba.jpeg?h=225&w=225"}],["as",{"id":"1000383235341","n":"Juicy & Crisp Mango, Watermelon & Blueberries 220g","p":2.07,"u":"Each","nw":{"t":220,"u":"g"},"ppuom":"£9.41/KG","img":"https://ui.assets-asda.com/dm/asdagroceries/5063089527665?$ProdList$"}],["oc",{"id":"518264011","n":"M&S Blueberries","p":2.5,"q":1,"u":"pack","nw":{"t":150,"u":"g"},"ppuom":"16.67/kg","img":" https://www.ocado.com/images-v3/eafa5127-d256-497b-9609-4869092accd6/30d3250b-ac1b-4f00-a712-de1cc203625d/200x200.webp"}]],"cherries":[["ms",{"id":"108312241","n":"Morrisons Picota Cherries Punnet","p":1,"q":1,"u":"pack","nw":{"t":250,"u":"g"},"ppuom":"4.00/kg","img":" https://groceries.morrisons.com/images-v3/4b85987b-1398-4173-a0c1-3546047c9d74/6208915a-f638-455b-9bd4-88bc40564e6e/200x200.webp"}],["al",{"id":"000000000000282665","n":"Cherries","p":1.89,"q":1,"u":"pac","nw":{"t":200,"u":"g"},"img":"https://dm.emea.cms.aldi.cx/is/image/aldiprodeu/product/jpg/scaleWidth/200/574972fa-4ac9-401c-8423-26fd13f7db78/Cherries"}],["as",{"id":"1000373536205","n":"Raisins, Berries & Cherries 250g","p":1.98,"u":"Each","nw":{"t":250,"u":"g"},"ppuom":"79.2p/100GR","img":"https://ui.assets-asda.com/dm/asdagroceries/5057172859504?$ProdList$"}],["tc",{"id":"265185708","n":"Tesco Cherries Punnet Punnet 200G","p":2.4,"q":1,"u":"u","nw":{"t":200,"u":"g"},"ppuom":"£12.00/kg","img":"https://digitalcontent.api.tesco.com/v2/media/ghs-mktg/b0b04216-fa73-466d-a9d7-c9fcfa1ce9b3/no-image.jpeg"}],["oc",{"id":"517872011","n":"M&S Cherries","p":3,"q":1,"u":"pack","nw":{"t":200,"u":"g"},"ppuom":"1.50/100gram","img":" https://www.ocado.com/images-v3/eafa5127-d256-497b-9609-4869092accd6/95473b8c-9b99-4fdf-bb8b-10b0f8e08b51/200x200.webp"}]],"kiwi":[["tc",{"id":"317551907","n":"Zespri Jumbo Sungold Kiwifruit","p":0.95,"q":1,"u":"u","nw":{"t":1,"u":"u"},"ppuom":"£0.95/each","img":"https://digitalcontent.api.tesco.com/v2/media/ghs/33bed279-1c49-43ea-917c-cd3de418391e/93cd7809-bc03-45d3-b3cb-3457ab20f5ee.jpeg?h=225&w=225"}],["al",{"id":"000000000000263719","n":"Kiwis","p":1.19,"q":1,"u":"pac","nw":{"t":6,"u":"u"},"img":"https://dm.emea.cms.aldi.cx/is/image/aldiprodeu/product/jpg/scaleWidth/200/435d8b68-1fef-41ce-a951-afaa968142f0/Kiwis"}],["as",{"id":"910003095377","n":"Kiwis","p":1.19,"u":"Each","nw":{"t":6,"u":"u"},"ppuom":"19.8p/EA","img":"https://ui.assets-asda.com/dm/asdagroceries/5054781580805?$ProdList$"}],["ms",{"id":"108409721","n":"Morrisons Kiwi","p":1.19,"q":1,"u":"pack","nw":{"t":"6","u":"u"},"ppuom":"0.20/each","img":" https://groceries.morrisons.com/images-v3/4b85987b-1398-4173-a0c1-3546047c9d74/f04e3725-8d31-4c2e-8c9b-84fb48a1d725/200x200.webp"}],["oc",{"id":"528835011","n":"M&S Organic Kiwi Fruit","p":2.5,"q":1,"u":"pack","nw":{"t":"4","u":"u"},"ppuom":"0.63/each","img":" https://www.ocado.com/images-v3/eafa5127-d256-497b-9609-4869092accd6/926ead85-3350-4289-8a37-209b94a7788a/200x200.webp"}]],"lemon":[["tc",{"id":"253556398","n":"Tesco Lemons Each","p":0.3,"q":1,"u":"u","nw":{"t":1,"u":"u"},"ppuom":"£0.30/each","img":"https://digitalcontent.api.tesco.com/v2/media/ghs/6f1b1e70-e87d-454c-b052-3e199a4d7f6a/e0729d12-6680-4241-9d2e-d0b83422fc6d.jpeg?h=225&w=225"}],["ms",{"id":"108379999","n":"Morrisons Loose Lemon","p":0.3,"q":1,"u":"u","nw":{"t":1,"u":"u"},"ppuom":"0.30/each","img":" https://groceries.morrisons.com/images-v3/4b85987b-1398-4173-a0c1-3546047c9d74/9931427b-81ce-425e-8ba1-903c1f9a9ee0/200x200.webp"}],["al",{"id":"000000000000268496","n":"Wonky Lemons","p":0.79,"q":1,"u":"pac","nw":{"t":4,"u":"u"},"img":"https://dm.emea.cms.aldi.cx/is/image/aldiprodeu/product/jpg/scaleWidth/200/15e4b503-386a-4a01-a0f6-12c4730502ec/Wonky Lemons"}],["oc",{"id":"506070011","n":"M&S West Country Lemon Fruit Fool","p":0.95,"q":1,"u":"pack","nw":{"t":114,"u":"g"},"ppuom":"0.83/100gram","img":" https://www.ocado.com/images-v3/eafa5127-d256-497b-9609-4869092accd6/399e5177-b695-4669-bdbe-f53847c5eb6a/200x200.webp"}],["as",{"id":"1000235368556","n":"Tangy & Zesty Lemons","p":1.17,"u":"Each","nw":{"t":4,"u":"u"},"ppuom":"29.3p/EA","img":"https://ui.assets-asda.com/dm/asdagroceries/5057172445370?$ProdList$"}]],"orange":[["tc",{"id":"253554014","n":"Tesco Oranges Each","p":0.3,"q":1,"u":"u","nw":{"t":1,"u":"u"},"ppuom":"£0.30/each","img":"https://digitalcontent.api.tesco.com/v2/media/ghs/a6362980-8b7c-43d3-9df3-b0bccbaaacb0/176a2b8a-82c8-4950-9ae8-6f1bbf547566_178942815.jpeg?h=225&w=225"}],["ms",{"id":"108378785","n":"Morrisons Loose Orange","p":0.3,"q":1,"u":"u","nw":{"t":1,"u":"u"},"ppuom":"0.30/each","img":" https://groceries.morrisons.com/images-v3/4b85987b-1398-4173-a0c1-3546047c9d74/ff101d09-b283-4a37-93be-77228ca9772c/200x200.webp"}],["al",{"id":"000000000000537836","n":"Wonky Oranges","p":0.99,"q":1,"u":"ea","nw":{"t":5,"u":"u"},"img":"https://dm.emea.cms.aldi.cx/is/image/aldiprodeu/product/jpg/scaleWidth/200/146b7b3f-9bb2-421c-80bd-c01703e5d3fb/Wonky Oranges"}],["as",{"id":"910003095074","n":"Oranges","p":0.99,"u":"Each","nw":{"t":5,"u":"u"},"ppuom":"19.8p/EA","img":"https://ui.assets-asda.com/dm/asdagroceries/5054781580782_T1?$ProdList$"}],["oc",{"id":"520701011","n":"M&S Select Farms Oranges","p":1.5,"q":1,"u":"pack","nw":{"t":"5","u":"u"},"ppuom":"0.30/each","img":" https://www.ocado.com/images-v3/eafa5127-d256-497b-9609-4869092accd6/98ab88b8-0255-4f38-8781-5ac0ea61e774/200x200.webp"}]]},"pbvsn":{"milk":{"soya":[["tc",{"id":"300661949","n":"The Grower's Harvest Soya Drink Unsweetened 1L","p":0.59,"q":1,"u":"u","nw":{"t":1,"u":"l"},"ppuom":"£0.59/litre","img":"https://digitalcontent.api.tesco.com/v2/media/ghs/92ba0748-dea7-4c79-9fe6-7b6088524201/70610a38-2775-410f-bf09-a70fb2ffb3c3.jpeg?h=225&w=225"}],["al",{"id":"000000000000417612","n":"UHT Unsweetened Soya Drink","p":0.85,"q":1,"u":"ea","nw":{"t":1000,"u":"ml"},"img":"https://dm.emea.cms.aldi.cx/is/image/aldiprodeu/product/jpg/scaleWidth/200/4206b2a7-7980-433f-a08b-337e7ceda7f3/UHT Unsweetened Soya Drink"}],["as",{"id":"922124","n":"Soya Long Life Alternative to Single Cream","p":1.2,"u":"Each","nw":{"t":250,"u":"ml"},"ppuom":"48.0p/100ML","img":"https://ui.assets-asda.com/dm/asdagroceries/5411188511328?$ProdList$"}],["ms",{"id":"103124081","n":"Alpro Organic Soya No Sugars Long Life Drink 1L","p":1.7,"q":1,"u":"u","nw":{"t":1,"u":"l"},"ppuom":"1.70/litre","img":" https://groceries.morrisons.com/images-v3/4b85987b-1398-4173-a0c1-3546047c9d74/761e61f8-fe1d-4511-9078-624719069f62/200x200.webp"}]],"almond":[["al",{"id":"000000000000417610","n":"UHT Unsweetened Almond Drink","p":0.99,"q":1,"u":"ea","nw":{"t":1000,"u":"ml"},"img":"https://dm.emea.cms.aldi.cx/is/image/aldiprodeu/product/jpg/scaleWidth/200/f91f11c0-db27-4dfd-9fb7-70ea9d3409d8/UHT Unsweetened Almond Drink"}],["as",{"id":"1000383224876","n":"No Sugars Nutty Almond 500ml","p":1.14,"u":"Each","nw":{"t":500,"u":"ml"},"ppuom":"£2.28/LT","img":"https://ui.assets-asda.com/dm/asdagroceries/5411188139904?$ProdList$"}],["tc",{"id":"316547434","n":"Alpro No Sugars Nutty Almond Drink 500ml","p":1.2,"q":1,"u":"u","nw":{"t":500,"u":"ml"},"ppuom":"£2.40/litre","img":"https://digitalcontent.api.tesco.com/v2/media/ghs/2a12c323-dde3-496b-b1dd-59d13804ed4d/257e71ac-543f-403b-b84e-304077e6fc53_1949945317.jpeg?h=225&w=225"}],["ms",{"id":"110114412","n":"Morrisons Sweetened Almond Milk","p":1.45,"q":1,"u":"u","nw":{"t":1,"u":"l"},"ppuom":"0.15/100ml","img":" https://groceries.morrisons.com/images-v3/4b85987b-1398-4173-a0c1-3546047c9d74/e58db491-bbfc-42d9-bffb-398814e2954d/200x200.webp"}],["oc",{"id":"435184011","n":"Rhythm 108 Swiss Vegan Almond & Sea Salt Bar with M'lk Chocolate","p":1.5,"q":1,"u":"pack","nw":{"t":33,"u":"g"},"ppuom":"4.55/100gram","img":" https://www.ocado.com/images-v3/eafa5127-d256-497b-9609-4869092accd6/650ac2dc-72be-49ee-933d-ec116530eb51/200x200.webp"}]]},"mayo":[["tc",{"id":"305046243","n":"Tesco Light Mayonnaise 450Ml","p":0.86,"q":1,"u":"u","nw":{"t":450,"u":"ml"},"ppuom":"£0.19/100ml","img":"https://digitalcontent.api.tesco.com/v2/media/ghs/e6f14daf-77b1-44db-846e-3d4a16dff4e5/c92f5f26-3289-4975-9fbc-aa2d08b4d0c6_1898804245.jpeg?h=225&w=225"}],["ms",{"id":"111152947","n":"Thai Dragon Sriracha Mayonnaise ","p":1.9,"q":1,"u":"u","nw":{"t":200,"u":"ml"},"ppuom":"0.95/100ml","img":" https://groceries.morrisons.com/images-v3/4b85987b-1398-4173-a0c1-3546047c9d74/998a0d36-5239-4079-b59e-609bd7b2534a/200x200.webp"}],["oc",{"id":"544806011","n":"Hellmann's Vegan Garlic Mayonnaise","p":2.65,"q":1,"u":"pack","nw":{"t":270,"u":"g"},"ppuom":"0.98/100gram","img":" https://www.ocado.com/images-v3/eafa5127-d256-497b-9609-4869092accd6/30259259-f36a-42b1-8357-4a85e0cefa61/200x200.webp"}],["as",{"id":"1000383227183","n":"Mayo 100% Plant-based 400 g","p":3.14,"u":"Each","nw":{"t":400,"u":"g"},"ppuom":"78.5p/100GR","img":"https://ui.assets-asda.com/dm/asdagroceries/8720182789662?$ProdList$"}]],"cheese":{"soft":[["al",{"id":"000000000542956004","n":"Garlic & Herb Coconut Oil Based Vegan Cheese Soft Spread","p":1.95,"q":1,"u":"ea","nw":{"t":170,"u":"g"},"img":"https://dm.emea.cms.aldi.cx/is/image/aldiprodeu/product/jpg/scaleWidth/200/d43347fd-6351-40a4-9f71-2205318e305f/Garlic & Herb Coconut Oil Based Vegan Cheese Soft Spread"}],["tc",{"id":"315854360","n":"Tesco Free From Coconut Oil Alternative to Soft Cheese 150g","p":2,"q":1,"u":"u","nw":{"t":150,"u":"g"},"ppuom":"£13.33/kg","img":"https://digitalcontent.api.tesco.com/v2/media/ghs/c192d53e-7a21-47f3-8269-b5d0af631d59/b3e02ab3-66c9-407d-abb7-2872f95a6767_266657179.jpeg?h=225&w=225"}],["as",{"id":"1000218932077","n":"Soft Cheese Alternative","p":2.25,"u":"Each","nw":{"t":170,"u":"g"},"ppuom":"£13.24/KG","img":"https://ui.assets-asda.com/dm/asdagroceries/5057172223510?$ProdList$"}],["oc",{"id":"362618011","n":"Violife Non-Dairy Cheese Alternative Soft Original","p":2.75,"q":1,"u":"u","nw":{"t":200,"u":"g"},"ppuom":"13.75/kg","img":" https://www.ocado.com/images-v3/eafa5127-d256-497b-9609-4869092accd6/e3053737-4be7-460f-a363-456c8b7d3f69/200x200.webp"}],["ms",{"id":"112785607","n":"Philadelphia Vegan Almond & Oat Soft Cream Cheese Alternative 150g","p":2.75,"q":1,"u":"u","nw":{"t":150,"u":"g"},"ppuom":"18.33/kg","img":" https://groceries.morrisons.com/images-v3/4b85987b-1398-4173-a0c1-3546047c9d74/5e813360-d0f7-44e3-94ff-c1f630844801/200x200.webp"}]],"slice":[["al",{"id":"000000000542956002","n":"Mature Coconut Oil Based Vegan Cheese 9 Slices","p":1.95,"q":1,"u":"ea","nw":{"t":180,"u":"g"},"img":"https://dm.emea.cms.aldi.cx/is/image/aldiprodeu/product/jpg/scaleWidth/200/8ccba87f-74e0-4161-bd95-c202d47d5f18/Mature Coconut Oil Based Vegan Cheese 9 Slices"}],["ms",{"id":"113721891","n":"Violife Original Slices Vegan Cheese Alternative 175g","p":2,"q":1,"u":"u","nw":{"t":175,"u":"g"},"ppuom":"1.14/100gram","img":" https://groceries.morrisons.com/images-v3/4b85987b-1398-4173-a0c1-3546047c9d74/e1201c65-4ade-419d-930e-62bb3eafa485/200x200.webp"}],["as",{"id":"1000383220624","n":"10 Original Slices 175g","p":2.24,"u":"Each","nw":{"t":175,"u":"g"},"ppuom":"£12.80/KG","img":"https://ui.assets-asda.com/dm/asdagroceries/5202390031014?$ProdList$"}],["tc",{"id":"316535448","n":"Violife Original Slices Vegan Cheese Alternative 175g","p":2.25,"q":1,"u":"u","nw":{"t":175,"u":"g"},"ppuom":"£12.86/kg","img":"https://digitalcontent.api.tesco.com/v2/media/ghs/aaed5515-12dd-4f22-bd33-12c4f3f524cc/7f83f42d-7bcf-4746-af03-625727545ad7_617278322.jpeg?h=225&w=225"}],["oc",{"id":"315701011","n":"Violife Non-Dairy Cheese Alternative Slices","p":2.75,"q":1,"u":"u","nw":{"t":175,"u":"g"},"ppuom":"15.71/kg","img":" https://www.ocado.com/images-v3/eafa5127-d256-497b-9609-4869092accd6/2a43785d-7a2b-4610-bbb9-c06051082757/200x200.webp"}]],"parmesan":[["oc",{"id":"362615011","n":"Violife Non-Dairy Cheese Alternative Prosociano With Parmesan Flavour","p":3.25,"q":1,"u":"u","nw":{"t":150,"u":"g"},"ppuom":"21.67/kg","img":" https://www.ocado.com/images-v3/eafa5127-d256-497b-9609-4869092accd6/469da181-28c5-431e-b609-052cfcda02eb/200x200.webp"}]]},"meat free":{"chicken breast":[["tc",{"id":"313175285","n":"Tesco Plant Chef 2 Meat Free No-Chicken Breasts 180G","p":1.65,"q":1,"u":"u","nw":{"t":180,"u":"g"},"ppuom":"£9.17/kg","img":"https://digitalcontent.api.tesco.com/v2/media/ghs/5086cc7d-f4de-4969-b66d-2b0c5f0f8799/51a98ee0-768b-4405-81f7-8f651c20f4cf.jpeg?h=225&w=225"}],["as",{"id":"1000383168998","n":"2 Plant Chicken Breast Style 180g","p":3.14,"u":"Each","nw":{"t":180,"u":"g"},"ppuom":"£17.44/KG","img":"https://ui.assets-asda.com/dm/asdagroceries/8718300882944?$ProdList$"}],["ms",{"id":"113429145","n":"The Vegetarian Butcher Impeckable Vegan Chicken Breast Fillet","p":3.15,"q":1,"u":"u","nw":{"t":180,"u":"g"},"ppuom":"1.75/100gram","img":" https://groceries.morrisons.com/images-v3/4b85987b-1398-4173-a0c1-3546047c9d74/721e9042-8560-4a8d-8955-c406bfd38922/200x200.webp"}]],"chicken":[["al",{"id":"000000000493578002","n":"Vegetarian Chicken Slices","p":1.49,"q":1,"u":"ea","nw":{"t":100,"u":"g"},"img":"https://dm.emea.cms.aldi.cx/is/image/aldiprodeu/product/jpg/scaleWidth/200/4e61dc7f-01c6-4da0-af11-5bd0ebb7b1db/Vegetarian Chicken Slices"}],["tc",{"id":"313748783","n":"Richmond Meat-Free No-Chicken Slices 90g","p":2,"q":1,"u":"u","nw":{"t":90,"u":"g"},"ppuom":"£2.22/100g","img":"https://digitalcontent.api.tesco.com/v2/media/ghs/b0f6c1e4-58b7-4510-bed7-4d87442bd48a/a1f8fabd-3a14-4f04-b02f-518640cb0d81.jpeg?h=225&w=225"}],["ms",{"id":"113609437","n":"Richmond 6 Meat Free Vegan No Chicken Deli Slices 90g","p":2,"q":1,"u":"u","nw":{"t":90,"u":"g"},"ppuom":"2.22/100gram","img":" https://groceries.morrisons.com/images-v3/4b85987b-1398-4173-a0c1-3546047c9d74/1e01bc50-5ed4-4174-bfc5-10adcb8d7e78/200x200.webp"}],["as",{"id":"1000383110065","n":"Chicken Pieces 170g","p":2.14,"u":"Each","nw":{"t":170,"u":"g"},"ppuom":"£12.59/KG","img":"https://ui.assets-asda.com/dm/asdagroceries/5060678710361?$ProdList$"}],["oc",{"id":"97455011","n":"Fry's Chicken-Style Burgers Frozen","p":3,"q":1,"u":"pack","nw":{"t":320,"u":"g"},"ppuom":"0.94/100gram","img":" https://www.ocado.com/images-v3/eafa5127-d256-497b-9609-4869092accd6/18420b4b-4406-431a-b4af-c83d8bb1a132/200x200.webp"}]],"meatball":[["tc",{"id":"277081824","n":"Tesco Tomato & Basil Sauce For Meatballs 500G","p":0.69,"q":1,"u":"u","nw":{"t":500,"u":"g"},"ppuom":"£0.14/100g","img":"https://digitalcontent.api.tesco.com/v2/media/ghs/221c3493-f2f7-4330-88d8-c7418853dc27/9a36b72b-80b8-4842-8147-0f2a0261c44d_487356381.jpeg?h=225&w=225"}],["al",{"id":"000000000371357003","n":"Meat-Free Meatballs","p":1.49,"q":1,"u":"ea","nw":{"t":400,"u":"g"},"img":"https://dm.emea.cms.aldi.cx/is/image/aldiprodeu/product/jpg/scaleWidth/200/3c65f0dd-ec41-4f87-915f-0a58b81ee867/Meat-Free Meatballs"}],["as",{"id":"1000383264410","n":"Italian Inspired Meat-Free Meatballs 280g","p":3,"u":"Each","nw":{"t":280,"u":"g"},"ppuom":"£10.71/KG","img":"https://ui.assets-asda.com/dm/asdagroceries/5063089826522?$ProdList$"}],["oc",{"id":"467340011","n":"Birds Eye Green Cuisine Meat-Free Meatballs","p":3,"q":1,"u":"pack","nw":{"t":280,"u":"g"},"ppuom":"1.07/100gram","img":" https://www.ocado.com/images-v3/eafa5127-d256-497b-9609-4869092accd6/d6393e3a-bf11-4b99-ac15-d9adbf59f478/200x200.webp"}]],"steak":[["tc",{"id":"317863017","n":"Pukka Vegan No Steak Slice 170g","p":1.95,"q":1,"u":"u","nw":{"t":170,"u":"g"},"ppuom":"£1.15/100g","img":"https://digitalcontent.api.tesco.com/v2/media/ghs/f7b2232d-7471-4415-af5e-26deb4de9b16/854ef8e7-6568-4f5a-9921-24c8fd5d3ffb.jpeg?h=225&w=225"}],["as",{"id":"1000383220538","n":"Plant Steaks 200g","p":2.32,"u":"Each","nw":{"t":200,"u":"g"},"ppuom":"£11.60/KG","img":"https://ui.assets-asda.com/dm/asdagroceries/8718300862946?$ProdList$"}],["ms",{"id":"102751788","n":"Quorn Vegetarian Peppered Steaks 2 Pack","p":3.5,"q":1,"u":"u","nw":{"t":196,"u":"g"},"ppuom":"17.86/kg","img":" https://groceries.morrisons.com/images-v3/4b85987b-1398-4173-a0c1-3546047c9d74/4097a729-2c2f-452c-963e-ac40225834f3/200x200.webp"}]]}},"prtn":{"tofu":[["al",{"id":"000000000513086002","n":"Organic Smoked Tofu","p":0.89,"q":1,"u":"ea","nw":{"t":180,"u":"g"},"img":"https://dm.emea.cms.aldi.cx/is/image/aldiprodeu/product/jpg/scaleWidth/200/a8489baf-688b-4979-ba43-adcf9fb2ad55/Organic Smoked Tofu"}],["as",{"id":"1000383248379","n":"Organic Super Firm Tofu 200g","p":1.1,"u":"Each","nw":{"t":200,"u":"g"},"ppuom":"£5.50/KG","img":"https://ui.assets-asda.com/dm/asdagroceries/5063089484395?$ProdList$"}],["ms",{"id":"114271095","n":"Morrisons Plant Revolution Super Firm Organic Tofu 200g","p":1.2,"q":1,"u":"u","nw":{"t":200,"u":"g"},"ppuom":"6.00/kg","img":" https://groceries.morrisons.com/images-v3/4b85987b-1398-4173-a0c1-3546047c9d74/1264e6d1-b590-41c7-8d7b-a3f47ef1e9fa/200x200.webp"}],["tc",{"id":"276785903","n":"Satono Yuki Tofu 300G","p":1.9,"q":1,"u":"u","nw":{"t":300,"u":"g"},"ppuom":"£6.33/kg","img":"https://digitalcontent.api.tesco.com/v2/media/ghs/b5b22c5d-124e-406d-a2b0-be1b81c47bea/5f7c2556-232c-4ce2-983f-3f59deec362b_620806589.jpeg?h=225&w=225"}],["oc",{"id":"55288011","n":"Cauldron Organic Tofu Block","p":2.3,"q":1,"u":"u","nw":{"t":396,"u":"g"},"ppuom":"0.58/100gram","img":" https://www.ocado.com/images-v3/eafa5127-d256-497b-9609-4869092accd6/4e628678-f335-4eaf-9bb5-fa71d7f5e63e/200x200.webp"}]],"beans":{"butter bean":[["ms",{"id":"110428155","n":"Morrisons Butter Beans In Water (400g)","p":0.49,"q":1,"u":"u","nw":{"t":240,"u":"g"},"ppuom":"2.04/kg","img":" https://groceries.morrisons.com/images-v3/4b85987b-1398-4173-a0c1-3546047c9d74/5c4c760e-e1d7-4fd3-9129-1bdcdb7ad267/200x200.webp"}],["tc",{"id":"315155202","n":"Biona Organic Butter Beans 400g","p":1.6,"q":1,"u":"u","nw":{"t":400,"u":"g"},"ppuom":"£6.67/kg DR.WT","img":"https://digitalcontent.api.tesco.com/v2/media/ghs/6fb5276a-b572-487e-b5ca-3fad8d460218/00114071-8fa8-41cf-9f81-df04c3269f24_902666970.jpeg?h=225&w=225"}],["oc",{"id":"17212011","n":"Biona Organic Butter Beans in Water","p":1.6,"q":1,"u":"pack","nw":{"t":400,"u":"g"},"ppuom":"0.40/100gram","img":" https://www.ocado.com/images-v3/eafa5127-d256-497b-9609-4869092accd6/e9e74ea6-a3f9-465b-827c-5511c889ed5b/200x200.webp"}]],"black beans":[["tc",{"id":"262489469","n":"Tesco Black Eyed Beans In Water 400G","p":0.49,"q":1,"u":"u","nw":{"t":400,"u":"g"},"ppuom":"£0.00/kg DR.WT","img":"https://digitalcontent.api.tesco.com/v2/media/ghs/d5c1bff6-85a5-4a19-9bcb-5817a20671e8/6cd735bb-96a9-40cf-8340-c81f2a8de07f_1960286531.jpeg?h=225&w=225"}],["oc",{"id":"65977011","n":"Biona Organic Black Beans in Water","p":1.6,"q":1,"u":"pack","nw":{"t":400,"u":"g"},"ppuom":"0.40/100gram","img":" https://www.ocado.com/images-v3/eafa5127-d256-497b-9609-4869092accd6/5e34d779-468f-4f0e-bcca-3a263556d316/200x200.webp"}],["ms",{"id":"112495108","n":"Old El Paso Mild Black Beans 425g","p":2.4,"q":1,"u":"u","nw":{"t":425,"u":"g"},"ppuom":"0.56/100gram","img":" https://groceries.morrisons.com/images-v3/4b85987b-1398-4173-a0c1-3546047c9d74/f78b1193-d718-48bb-b80a-065ff4ad7495/200x200.webp"}]],"beans":[["as",{"id":"910002995870","n":"Baked Beans in a Rich Tomato Sauce 210g","p":0.23,"u":"Each","nw":{"t":210,"u":"g"},"ppuom":"£1.10/KG","img":"https://ui.assets-asda.com/dm/asdagroceries/5054781339991?$ProdList$"}],["tc",{"id":"254876305","n":"Tesco Baked Beans In Tomato Sauce 220G","p":0.25,"q":1,"u":"u","nw":{"t":220,"u":"g"},"ppuom":"£1.14/kg","img":"https://digitalcontent.api.tesco.com/v2/media/ghs/2753a541-52ad-4947-bf86-e893ea4a5f60/dc2b4305-885f-431c-a05e-c6fc3feee2b9_2131876386.jpeg?h=225&w=225"}],["al",{"id":"000000000000541280","n":"Baked Beans in Tomato Sauce","p":0.27,"q":1,"u":"ea","nw":{"t":410,"u":"g"},"img":"https://dm.emea.cms.aldi.cx/is/image/aldiprodeu/product/jpg/scaleWidth/200/981154f9-9b08-4624-9687-a66afbd673b8/Baked Beans in Tomato Sauce"}],["ms",{"id":"110428032","n":"Morrisons Borlotti Beans In Water (400g)","p":0.49,"q":1,"u":"u","nw":{"t":240,"u":"g"},"ppuom":"2.04/kg","img":" https://groceries.morrisons.com/images-v3/4b85987b-1398-4173-a0c1-3546047c9d74/e5c4ca16-8c91-4ca6-8ea9-af18c00a180f/200x200.webp"}],["oc",{"id":"37506011","n":"Biona Organic Pinto Beans","p":1.65,"q":1,"u":"pack","nw":{"t":400,"u":"g"},"ppuom":"0.41/100gram","img":" https://www.ocado.com/images-v3/eafa5127-d256-497b-9609-4869092accd6/096baef9-cf4a-4ab4-846d-737a2666bd84/200x200.webp"}]]},"lentils":{"lentils":[["as",{"id":"1000046667794","n":"Lentils in Water","p":0.78,"u":"Each","nw":{"t":400,"u":"g"},"ppuom":"£2.94/KG","img":"https://ui.assets-asda.com/dm/asdagroceries/5000232001108?$ProdList$"}],["oc",{"id":"455591011","n":"Epicure Bijoux Verts Lentils","p":0.9,"q":1,"u":"u","nw":{"t":400,"u":"g"},"ppuom":"0.23/100gram","img":" https://www.ocado.com/images-v3/eafa5127-d256-497b-9609-4869092accd6/39b46459-8299-412f-a7fd-70734e8e40ac/200x200.webp"}],["tc",{"id":"297021273","n":"Napolina Lentils 400G","p":1,"q":1,"u":"u","nw":{"t":400,"u":"g"},"ppuom":"£2.50/kg","img":"https://digitalcontent.api.tesco.com/v2/media/ghs/261fd1a4-dd43-4b13-8179-6560764756dc/502cbd27-8166-458f-8924-9159549b80b4_141174978.jpeg?h=225&w=225"}],["ms",{"id":"110203685","n":"Napolina Lentils In Water 400g","p":1,"q":1,"u":"u","nw":{"t":240,"u":"g"},"ppuom":"4.17/kg","img":" https://groceries.morrisons.com/images-v3/4b85987b-1398-4173-a0c1-3546047c9d74/d71ffec2-b4b2-444b-96ed-a53415f4beb9/200x200.webp"}],["al",{"id":"000000000336243001","n":"Good Grains French Inspired Lentils Pouch","p":1.09,"q":1,"u":"ea","nw":{"t":250,"u":"g"},"img":"https://dm.emea.cms.aldi.cx/is/image/aldiprodeu/product/jpg/scaleWidth/200/5a437fd2-1fd0-47e9-b713-072339d73f01/Good Grains French Inspired Lentils Pouch"}]]},"peas":{"garden peas":[["al",{"id":"000000000000335577","n":"Garden Peas in Water","p":0.28,"q":1,"u":"ea","nw":{"t":185,"u":"g"},"img":"https://dm.emea.cms.aldi.cx/is/image/aldiprodeu/product/jpg/scaleWidth/200/f0ec6314-af62-4c18-b5cf-619c1ba6b1bb/Garden Peas in Water"}],["tc",{"id":"300594655","n":"Growers Harvest Garden Peas In Water 300G","p":0.28,"q":1,"u":"u","nw":{"t":300,"u":"g"},"ppuom":"£1.51/kg DR.WT","img":"https://digitalcontent.api.tesco.com/v2/media/ghs/3c5c4185-d6df-4a22-94f4-52c0a1a8c8d9/b7059237-2d06-4c9d-9e39-4e2e2303a2ba_1387799887.jpeg?h=225&w=225"}],["as",{"id":"910002646407","n":"Garden Peas in Water 290g","p":0.55,"u":"Each","nw":{"t":290,"u":"g"},"ppuom":"£3.14/KG","img":"https://ui.assets-asda.com/dm/asdagroceries/5054781025672?$ProdList$"}],["oc",{"id":"247657011","n":"Ocado Frozen Garden Peas","p":1.4,"q":1,"u":"u","nw":{"t":910,"u":"g"},"ppuom":"0.15/100gram","img":" https://www.ocado.com/images-v3/eafa5127-d256-497b-9609-4869092accd6/2cc9fce9-1ded-4025-a846-9b0e8f9bacb9/200x200.webp"}]]}},"salad":{"tomato":[["tc",{"id":"254051665","n":"Tesco Italian Chopped Tomatoes227g","p":0.4,"q":1,"u":"u","nw":{"t":227,"u":"g"},"ppuom":"£1.76/kg","img":"https://digitalcontent.api.tesco.com/v2/media/ghs/a6da6da2-fb46-4278-80aa-877a0c56fbb2/07993679-de72-4aaf-bf6f-c7e02b7ea0de_857321601.jpeg?h=225&w=225"}],["as",{"id":"910003082118","n":"Cherry Tomatoes","p":0.62,"u":"Each","nw":{"t":250,"u":"g"},"ppuom":"£2.48/KG","img":"https://ui.assets-asda.com/dm/asdagroceries/5054781512301?$ProdList$"}],["al",{"id":"000000000000275531","n":"Cherry Tomatoes","p":0.68,"q":1,"u":"pac","nw":{"t":250,"u":"g"},"img":"https://dm.emea.cms.aldi.cx/is/image/aldiprodeu/product/jpg/scaleWidth/200/8e5885d1-524a-4e48-ac14-da9cfc5d7145/Cherry Tomatoes"}],["ms",{"id":"113749923","n":"Morrisons Savers Tomatoes ","p":0.68,"q":1,"u":"u","nw":{"t":250,"u":"g"},"ppuom":"2.72/kg","img":" https://groceries.morrisons.com/images-v3/4b85987b-1398-4173-a0c1-3546047c9d74/7a1c2e2e-1a13-47b3-8b99-9e80d9f9b775/200x200.webp"}],["oc",{"id":"65254011","n":"Ocado Baby Plum Tomatoes","p":0.9,"q":1,"u":"pack","nw":{"t":300,"u":"g"},"ppuom":"3.00/kg","img":" https://www.ocado.com/images-v3/eafa5127-d256-497b-9609-4869092accd6/470ca30b-2469-477c-adca-2a80e1ff444b/200x200.webp"}]],"avocado":[["al",{"id":"000000000000264079","n":"Large Ripe & Ready Avocado","p":0.69,"q":1,"u":"ea","nw":{"t":1,"u":"u"},"img":"https://dm.emea.cms.aldi.cx/is/image/aldiprodeu/product/jpg/scaleWidth/200/cbe2d711-5934-47b1-8a22-52b9f61a70cc/Large Ripe & Ready Avocado"}],["tc",{"id":"255903025","n":"Tesco Ripe & Ready Avocado","p":0.75,"q":1,"u":"u","nw":{"t":1,"u":"u"},"ppuom":"£0.75/each","img":"https://digitalcontent.api.tesco.com/v2/media/ghs/cd3afe6f-462c-4202-b326-87a9e71b0183/598b3213-fb73-4196-8493-7b9e22556951.jpeg?h=225&w=225"}],["oc",{"id":"654204011","n":"Ocado Medium Avocado Loose","p":0.75,"q":1,"u":"u","nw":{"t":1,"u":"u"},"ppuom":"0.75/each","img":" https://www.ocado.com/images-v3/eafa5127-d256-497b-9609-4869092accd6/db5d3944-a76f-462d-913a-7909d979d036/200x200.webp"}],["as",{"id":"910003101308","n":"Large Avocado","p":0.88,"u":"Each","nw":{"t":1,"u":"u"},"ppuom":"88.0p/EA","img":"https://ui.assets-asda.com/dm/asdagroceries/5054781593683?$ProdList$"}],["ms",{"id":"103853612","n":"Morrisons Large Ripened Avocado","p":0.88,"q":1,"u":"u","nw":{"t":1,"u":"u"},"ppuom":"0.88/each","img":" https://groceries.morrisons.com/images-v3/4b85987b-1398-4173-a0c1-3546047c9d74/589e7aa9-0c4e-4a6d-989b-0802135af8f5/200x200.webp"}]],"bags":{"spinach":[["as",{"id":"1000035227559","n":"Beetroot, Baby Spinach & Baby Kale Salad","p":0.85,"u":"Each","nw":{"t":120,"u":"g"},"ppuom":"70.8p/100GR","img":"https://ui.assets-asda.com/dm/asdagroceries/5054781744511?$ProdList$"}],["tc",{"id":"272107544","n":"Fresh & Naked Spinach 125G","p":1.2,"q":1,"u":"u","nw":{"t":125,"u":"g"},"ppuom":"£9.60/kg","img":"https://digitalcontent.api.tesco.com/v2/media/ghs/7eb27b37-a821-456e-9fa7-b5aa9a11aed3/767117a6-91ee-4725-8d9b-12cb93ddaf3d.jpeg?h=225&w=225"}],["oc",{"id":"581117011","n":"Ocado Organic Spinach","p":1.95,"q":1,"u":"u","nw":{"t":200,"u":"g"},"ppuom":"0.98/100gram","img":" https://www.ocado.com/images-v3/eafa5127-d256-497b-9609-4869092accd6/3fcf2b0d-6c48-49a8-92ab-58a40f804b10/200x200.webp"}]]}},"sndfm":{"seeds":{"sunflower seeds":[["ms",{"id":"113155498","n":"Felix Roasted Sunflower Seeds ","p":1,"q":1,"u":"pack","nw":{"t":100,"u":"g"},"ppuom":"1.00/100gram","img":" https://groceries.morrisons.com/images-v3/4b85987b-1398-4173-a0c1-3546047c9d74/cbdd0ec2-6eea-4956-b36a-a676a1b6929c/200x200.webp"}],["oc",{"id":"276295011","n":"Crazy Jack Organic Sunflower Seeds","p":1.1,"q":1,"u":"pack","nw":{"t":100,"u":"g"},"ppuom":"1.10/100gram","img":" https://www.ocado.com/images-v3/eafa5127-d256-497b-9609-4869092accd6/aad8353b-7614-4c0c-ab98-a3c8c543be7c/200x200.webp"}],["al",{"id":"000000000310513002","n":"Sunflower Seeds","p":1.15,"q":1,"u":"ea","nw":{"t":250,"u":"g"},"img":"https://dm.emea.cms.aldi.cx/is/image/aldiprodeu/product/jpg/scaleWidth/200/bda76f6e-e824-4261-98cb-bad8456a600e/Sunflower Seeds"}],["as",{"id":"1000375030300","n":"Sunflower Seeds 150g","p":1.48,"u":"Each","nw":{"t":150,"u":"g"},"ppuom":"9.9p/10GR","img":"https://ui.assets-asda.com/dm/asdagroceries/5057172859771?$ProdList$"}],["tc",{"id":"266386982","n":"Tesco Sunflower Seeds 150G","p":1.8,"q":1,"u":"u","nw":{"t":150,"u":"g"},"ppuom":"£12.00/kg","img":"https://digitalcontent.api.tesco.com/v2/media/ghs/f8d69728-b4dd-45c7-bec3-e00f50bdc4fb/e0255bfe-18b3-4a29-853d-c38c6f3ed8b6.jpeg?h=225&w=225"}]],"seed mix":[["oc",{"id":"552661011","n":"M&S Savoury Seed Mix with Tamari Seasoning","p":1,"q":1,"u":"pack","nw":{"t":50,"u":"g"},"ppuom":"2.00/100gram","img":" https://www.ocado.com/images-v3/eafa5127-d256-497b-9609-4869092accd6/0ead731e-a76d-4417-ac76-49e039e05339/200x200.webp"}],["ms",{"id":"110621908","n":"Morrisons Four Seed Mix","p":1,"q":1,"u":"pack","nw":{"t":150,"u":"g"},"ppuom":"0.67/100gram","img":" https://groceries.morrisons.com/images-v3/4b85987b-1398-4173-a0c1-3546047c9d74/2ee3a5dc-e6cc-47ba-b9d4-d113d3abaccb/200x200.webp"}],["as",{"id":"1000375030306","n":"Three Seed Mix 150g","p":1.04,"u":"Each","nw":{"t":150,"u":"g"},"ppuom":"6.9p/10GR","img":"https://ui.assets-asda.com/dm/asdagroceries/5057172859818?$ProdList$"}],["al",{"id":"000000000310513001","n":"Seed Mix","p":1.15,"q":1,"u":"ea","nw":{"t":250,"u":"g"},"img":"https://dm.emea.cms.aldi.cx/is/image/aldiprodeu/product/jpg/scaleWidth/200/c7c69f0e-c50f-4fcb-bcb1-f77aa1fdc62c/Seed Mix"}]]},"nuts":{"mixed nuts":[["tc",{"id":"299497679","n":"Tesco Mixed Nuts & Pecans 25G","p":0.8,"q":1,"u":"u","nw":{"t":25,"u":"g"},"ppuom":"£32.00/kg","img":"https://digitalcontent.api.tesco.com/v2/media/ghs/846170d5-6e8f-4c3c-8969-c271bb1dad91/e27511b6-3d1c-4747-8814-c90c6ecd56a6.jpeg?h=225&w=225"}],["al",{"id":"000000000000384145","n":"Mixed Nuts","p":1.75,"q":1,"u":"ea","nw":{"t":200,"u":"g"},"img":"https://dm.emea.cms.aldi.cx/is/image/aldiprodeu/product/jpg/scaleWidth/200/a5d61dec-ff05-409a-949d-e4809345c2d4/Mixed Nuts"}],["ms",{"id":"112705494","n":"Morrisons Mixed Nuts","p":2,"q":1,"u":"pack","nw":{"t":180,"u":"g"},"ppuom":"1.11/100gram","img":" https://groceries.morrisons.com/images-v3/4b85987b-1398-4173-a0c1-3546047c9d74/b64c970a-99ae-4ed7-b46f-87b735bfdf24/200x200.webp"}]],"almonds":[["tc",{"id":"299497656","n":"Tesco Almonds 25G","p":0.8,"q":1,"u":"u","nw":{"t":25,"u":"g"},"ppuom":"£32.00/kg","img":"https://digitalcontent.api.tesco.com/v2/media/ghs/fdbdf170-833a-49c4-94f3-4113a0a5d756/f7eb9864-f950-4c38-8f5e-0e81210b3ac7.jpeg?h=225&w=225"}],["as",{"id":"1000383247139","n":"Almonds 60g","p":0.97,"u":"Each","nw":{"t":60,"u":"g"},"ppuom":"£1.62/100GR","img":"https://ui.assets-asda.com/dm/asdagroceries/5063089527962?$ProdList$"}],["al",{"id":"000000000496633001","n":"Ground Almonds","p":0.99,"q":1,"u":"ea","nw":{"t":150,"u":"g"},"img":"https://dm.emea.cms.aldi.cx/is/image/aldiprodeu/product/jpg/scaleWidth/200/4d49bf32-caa9-47a5-8a00-268c9033f4c5/Ground Almonds"}],["ms",{"id":"107631881","n":"Morrisons Almonds          ","p":1.15,"q":1,"u":"pack","nw":{"t":60,"u":"g"},"ppuom":"1.92/100gram","img":" https://groceries.morrisons.com/images-v3/4b85987b-1398-4173-a0c1-3546047c9d74/2fb3434e-1ab2-4e6d-a670-ead3a9503d58/200x200.webp"}],["oc",{"id":"447569011","n":"Eat Natural Low Sugar Granola Wholegrain Oats, Almonds & Seeds","p":4.1,"q":1,"u":"pack","nw":{"t":450,"u":"g"},"ppuom":"0.91/100gram","img":" https://www.ocado.com/images-v3/eafa5127-d256-497b-9609-4869092accd6/fd9d2fdb-f8ec-4057-88f9-7c92a22d081e/200x200.webp"}]],"nuts":[["al",{"id":"000000000000318128","n":"Roasted Salted Peanuts","p":0.59,"q":1,"u":"ea","nw":{"t":200,"u":"g"},"img":"https://dm.emea.cms.aldi.cx/is/image/aldiprodeu/product/jpg/scaleWidth/200/3fefe22c-5a90-4fdf-b7ed-971efd3d4221/Roasted Salted Peanuts"}],["ms",{"id":"104892710","n":"Morrisons Savers Fruit & Nuts","p":0.59,"q":1,"u":"pack","nw":{"t":200,"u":"g"},"ppuom":"0.30/100gram","img":" https://groceries.morrisons.com/images-v3/4b85987b-1398-4173-a0c1-3546047c9d74/26848c5e-0aa9-4acc-bc56-9d458851bd92/200x200.webp"}],["tc",{"id":"299497633","n":"Tesco Cashew Nuts 25G","p":0.8,"q":1,"u":"u","nw":{"t":25,"u":"g"},"ppuom":"£32.00/kg","img":"https://digitalcontent.api.tesco.com/v2/media/ghs/85ad04c8-26b3-4cfd-8f65-9f72c7837961/25612476-aac4-4273-b3f1-1df27381d351.jpeg?h=225&w=225"}],["as",{"id":"1000373536085","n":"Redskin Peanuts 200g","p":1.02,"u":"Each","nw":{"t":200,"u":"g"},"ppuom":"51.0p/100GR","img":"https://ui.assets-asda.com/dm/asdagroceries/5054781718406?$ProdList$"}],["oc",{"id":"635144011","n":"Cypressa Cashew Nuts","p":3.35,"q":1,"u":"pack","nw":{"t":200,"u":"g"},"ppuom":"1.68/100gram","img":" https://www.ocado.com/images-v3/eafa5127-d256-497b-9609-4869092accd6/a61fcd0f-8e4c-4b21-9890-47a0ffbc47cc/200x200.webp"}]]},"dried fruit":{"raisins and cranberries":[["tc",{"id":"311807397","n":"Tesco Raisins And Cranberries 500G","p":4.95,"q":1,"u":"u","nw":{"t":500,"u":"g"},"ppuom":"£9.90/kg","img":"https://digitalcontent.api.tesco.com/v2/media/ghs/9c91b20d-8af9-4f39-b09e-0e6f54864f46/6c62771f-dc55-4174-8204-5d48b90a6c89_331271053.jpeg?h=225&w=225"}]],"dates":[["as",{"id":"1000378288605","n":"Deglet Nour Dates","p":1.48,"u":"Each","nw":{"t":200,"u":"g"},"ppuom":"£7.40/KG","img":"https://ui.assets-asda.com/dm/asdagroceries/5029477009755?$ProdList$"}],["ms",{"id":"105097646","n":"Morrisons Soft Pitted Dates","p":1.6,"q":1,"u":"pack","nw":{"t":200,"u":"g"},"ppuom":"0.80/100gram","img":" https://groceries.morrisons.com/images-v3/4b85987b-1398-4173-a0c1-3546047c9d74/cd27006c-e023-4e62-ba56-7f3d899e7374/200x200.webp"}],["tc",{"id":"316558951","n":"Date Me Deglet Nour Dates 200g","p":1.75,"q":1,"u":"u","nw":{"t":200,"u":"g"},"ppuom":"£8.75/kg","img":"https://digitalcontent.api.tesco.com/v2/media/ghs/19628282-9a1e-4f35-b391-6c373ba2d870/87b45a10-f5ba-4422-bc00-2d6735a11ece_77626354.jpeg?h=225&w=225"}],["al",{"id":"000000000495089002","n":"Pitted Dates","p":2.79,"q":1,"u":"ea","nw":{"t":500,"u":"g"},"img":"https://dm.emea.cms.aldi.cx/is/image/aldiprodeu/product/jpg/scaleWidth/200/34064592-f70c-48f1-afd4-cd635994a08d/Pitted Dates"}]],"cranberries":[["al",{"id":"000000000492763001","n":"Dried Cranberries","p":1.19,"q":1,"u":"ea","nw":{"t":150,"u":"g"},"img":"https://dm.emea.cms.aldi.cx/is/image/aldiprodeu/product/jpg/scaleWidth/200/03031cd1-7941-4f6c-a8a1-7cf8125b2dd8/Dried Cranberries"}],["as",{"id":"1000375030234","n":"Cranberries 100g","p":1.28,"u":"Each","nw":{"t":100,"u":"g"},"ppuom":"£1.28/100GR","img":"https://ui.assets-asda.com/dm/asdagroceries/5057172859801?$ProdList$"}],["ms",{"id":"114137603","n":"Morrisons Sultanas & Cranberries ","p":1.6,"q":1,"u":"pack","nw":{"t":200,"u":"g"},"ppuom":"8.00/kg","img":" https://groceries.morrisons.com/images-v3/4b85987b-1398-4173-a0c1-3546047c9d74/ce1a53bd-bc33-49ed-a947-23e10fd934d7/200x200.webp"}],["tc",{"id":"308870949","n":"Tesco Cranberries 100G","p":2,"q":1,"u":"u","nw":{"t":100,"u":"g"},"ppuom":"£20.00/kg","img":"https://digitalcontent.api.tesco.com/v2/media/ghs/d6f5f6b9-3d58-4175-b07b-3a6aa760397c/50248ccd-7aa5-4a19-9617-36e06060dd72.jpeg?h=225&w=225"}],["oc",{"id":"328116011","n":"Chia Charge Cranberries Chia Seed Flapjack - no added sugar ","p":2,"q":1,"u":"pack","nw":{"t":80,"u":"g"},"ppuom":"2.50/100gram","img":" https://www.ocado.com/images-v3/eafa5127-d256-497b-9609-4869092accd6/8906c371-b1e0-4510-8ebb-1e7697bfd1fd/200x200.webp"}]],"berries":[["tc",{"id":"299497719","n":"Tesco Mixed Berries 25G","p":0.8,"q":1,"u":"u","nw":{"t":25,"u":"g"},"ppuom":"£32.00/kg","img":"https://digitalcontent.api.tesco.com/v2/media/ghs/cb6cc12a-797f-456b-aef5-38044bcd37f7/337b94b8-dbf5-4198-a460-99476093ba9d_744505149.jpeg?h=225&w=225"}],["as",{"id":"1000375279813","n":"Goji Berries 100g","p":1.86,"u":"Each","nw":{"t":100,"u":"g"},"ppuom":"£1.86/100GR","img":"https://ui.assets-asda.com/dm/asdagroceries/5057172924363?$ProdList$"}],["ms",{"id":"114733923","n":"Wondermix Fight Fatigue Banana, Strawberries And Apple   200g","p":3.5,"q":1,"u":"pack","nw":{"t":200,"u":"g"},"ppuom":"17.50/kg","img":" https://groceries.morrisons.com/images-v3/4b85987b-1398-4173-a0c1-3546047c9d74/50695c36-755d-4567-b9d0-49b344f4d163/200x200.webp"}]]}},"vegs":{"sweet potato":[["tc",{"id":"253559199","n":"Tesco Large Sweet Potatoes Loose Class 1","p":0.42,"q":1,"u":"u","nw":{"t":1,"u":"u"},"ppuom":"£1.19/kg","img":"https://digitalcontent.api.tesco.com/v2/media/ghs/9a83e745-b7f4-4626-94e1-b80aef81634d/9d661b05-d5cc-4523-96f6-74162c22cc4b.jpeg?h=225&w=225"}],["al",{"id":"000000000000272328","n":"Sweet Potatoes","p":1.19,"q":1,"u":"pac","nw":{"t":1000,"u":"g"},"img":"https://dm.emea.cms.aldi.cx/is/image/aldiprodeu/product/jpg/scaleWidth/200/6c3e20da-34c1-43e7-b78b-df800e986ff3/Sweet Potatoes"}],["as",{"id":"34872944","n":"Creamy & Flavoursome Sweet Potatoes","p":1.24,"u":"Each","nw":{"t":1000,"u":"g"},"ppuom":"£1.24/KG","img":"https://ui.assets-asda.com/dm/asdagroceries/5050854514784?$ProdList$"}],["ms",{"id":"108572051","n":"Morrisons Sweet Potatoes ","p":1.25,"q":1,"u":"pack","nw":{"t":1000,"u":"g"},"ppuom":"1.25/kg","img":" https://groceries.morrisons.com/images-v3/4b85987b-1398-4173-a0c1-3546047c9d74/f8aef208-c60f-4e28-a662-60d8e640f4d1/200x200.webp"}],["oc",{"id":"518491011","n":"M&S Sweet Potatoes","p":1.3,"q":1,"u":"pack","nw":{"t":1000,"u":"g"},"ppuom":"1.30/kg","img":" https://www.ocado.com/images-v3/eafa5127-d256-497b-9609-4869092accd6/7d5d35f1-769c-409f-b940-f2e2ab628697/200x200.webp"}]],"potato":[["al",{"id":"000000000000339756","n":"Baking Potato","p":0.24,"q":1,"u":"ea","nw":{"t":1,"u":"u"},"img":"https://dm.emea.cms.aldi.cx/is/image/aldiprodeu/product/jpg/scaleWidth/200/51814ccd-c642-4601-a54f-192feeac108d/Baking Potato"}],["tc",{"id":"253558183","n":"Tesco Large Baking Potatoes Loose","p":0.24,"q":1,"u":"u","nw":{"t":303.79746835443035,"u":"g"},"ppuom":"£0.79/kg","img":"https://digitalcontent.api.tesco.com/v2/media/ghs/8b66cca3-1193-4d40-b6b1-6e87036ac318/2a737bea-f3b9-4d53-a2d5-e51f20e9dbe3.jpeg?h=225&w=225"}],["ms",{"id":"108415081","n":"Morrisons Loose Baking Potato","p":0.42,"q":1,"u":"pack","nw":{"t":500,"u":"g","average":true},"ppuom":"0.85/kg","img":" https://groceries.morrisons.com/images-v3/4b85987b-1398-4173-a0c1-3546047c9d74/424cda9e-b777-45af-ab8c-2d55dece142b/200x200.webp"}],["as",{"id":"24932","n":"British Fluffy & Golden Large Baking Potatoes","p":0.79,"u":"Each","nw":{"t":4,"u":"u"},"ppuom":"19.8p/EA","img":"https://ui.assets-asda.com/dm/asdagroceries/0000023013575?$ProdList$"}],["oc",{"id":"517976011","n":"M&S Mini Roaster Potatoes","p":1.1,"q":1,"u":"pack","nw":{"t":1000,"u":"g"},"ppuom":"1.10/kg","img":" https://www.ocado.com/images-v3/eafa5127-d256-497b-9609-4869092accd6/18d5670b-d301-4602-9ecb-6deff08606a7/200x200.webp"}]],"pepper":[["as",{"id":"910003087223","n":"Sweet & Peppery Swede","p":0.5,"u":"Each","nw":{"t":400,"u":"g"},"ppuom":"£1.25/KG","img":"https://ui.assets-asda.com/dm/asdagroceries/5054781557142?$ProdList$"}],["al",{"id":"000000000000275192","n":"Red Pepper","p":0.65,"q":1,"u":"ea","nw":{"t":1,"u":"u"},"img":"https://dm.emea.cms.aldi.cx/is/image/aldiprodeu/product/jpg/scaleWidth/200/6e2d9955-c3c9-430b-bad7-e2c267a27586/Red Pepper"}],["tc",{"id":"258270595","n":"Tesco Green Peppers Each","p":0.65,"q":1,"u":"u","nw":{"t":1,"u":"u"},"ppuom":"£0.65/each","img":"https://digitalcontent.api.tesco.com/v2/media/ghs/b787262c-7173-4d33-8ea9-21e1011332ba/6259c556-f60d-4ba5-9592-55680a37e3d7_1429799434.jpeg?h=225&w=225"}],["ms",{"id":"100368161","n":"Green Giant Sweetcorn With Peppers (198g)","p":1,"q":1,"u":"pack","nw":{"t":165,"u":"g"},"ppuom":"6.06/kg","img":" https://groceries.morrisons.com/images-v3/4b85987b-1398-4173-a0c1-3546047c9d74/f7b04693-259f-498c-b7f3-25c2c93d0077/200x200.webp"}],["oc",{"id":"528302011","n":"M&S Green Peppers","p":1.55,"q":1,"u":"pack","nw":{"t":"2","u":"u"},"ppuom":"0.78/each","img":" https://www.ocado.com/images-v3/eafa5127-d256-497b-9609-4869092accd6/d1345697-934b-4300-869c-1a3e5370073a/200x200.webp"}]],"broccoli":[["oc",{"id":"527578011","n":"M&S Broccoli","p":0.7,"q":1,"u":"pack","nw":{"t":300,"u":"g"},"ppuom":"2.33/kg","img":" https://www.ocado.com/images-v3/eafa5127-d256-497b-9609-4869092accd6/cb89d8e6-3a64-4da2-a1e1-5cc1f322735d/200x200.webp"}],["al",{"id":"000000000000339776","n":"British Broccoli","p":0.79,"q":1,"u":"ea","nw":{"t":360,"u":"g"},"img":"https://dm.emea.cms.aldi.cx/is/image/aldiprodeu/product/jpg/scaleWidth/200/92ae770e-ecd3-44b3-a509-6be72fc2b230/British Broccoli"}],["as",{"id":"910002634444","n":"Tender & Crunchy Broccoli","p":0.79,"u":"Each","nw":{"t":360,"u":"g"},"ppuom":"£2.19/KG","img":"https://ui.assets-asda.com/dm/asdagroceries/5054781135807?$ProdList$"}],["ms",{"id":"109148703","n":"Morrisons Broccoli","p":0.79,"q":1,"u":"pack","nw":{"t":350,"u":"g"},"ppuom":"2.26/kg","img":" https://groceries.morrisons.com/images-v3/4b85987b-1398-4173-a0c1-3546047c9d74/29a0193e-6e14-48ba-8b07-2a1fdc0ec86e/200x200.webp"}],["tc",{"id":"257231200","n":"Tesco Broccoli Loose","p":0.82,"q":1,"u":"u","nw":{"t":374.42922374429224,"u":"g"},"ppuom":"£2.19/kg","img":"https://digitalcontent.api.tesco.com/v2/media/ghs/a9ce9bca-865a-4418-8085-5c4f09504219/48e57de7-9fce-4d72-8089-2a166f1671b6.jpeg?h=225&w=225"}]],"cauliflower":[["as",{"id":"1000001819875","n":"Light & Nutty Cauliflower Florets","p":1,"u":"Each","nw":{"t":250,"u":"g"},"ppuom":"£4.00/KG","img":"https://ui.assets-asda.com/dm/asdagroceries/5054781765875?$ProdList$"}],["al",{"id":"000000000000334794","n":"British Cauliflower","p":1.19,"q":1,"u":"ea","nw":{"t":1,"u":"u"},"img":"https://dm.emea.cms.aldi.cx/is/image/aldiprodeu/product/jpg/scaleWidth/200/d68dcda8-4491-4346-a2ba-a6731131bb10/British Cauliflower"}],["tc",{"id":"253558119","n":"Tesco Cauliflower Each","p":1.19,"q":1,"u":"u","nw":{"t":1,"u":"u"},"ppuom":"£1.19/each","img":"https://digitalcontent.api.tesco.com/v2/media/ghs/2796588f-010b-4cbc-86f7-d69318a23a5d/e4ad0771-5ef5-4368-9f8b-74c668216b0c_2029585112.jpeg?h=225&w=225"}],["ms",{"id":"108303071","n":"Morrisons Medium Cauliflower ","p":1.19,"q":1,"u":"u","nw":{"t":1,"u":"u"},"ppuom":"1.19/each","img":" https://groceries.morrisons.com/images-v3/4b85987b-1398-4173-a0c1-3546047c9d74/39fd6bf1-8aeb-40f6-bb06-0b5c1b7fd48e/200x200.webp"}],["oc",{"id":"518354011","n":"M&S Select Farms Cauliflower","p":1.3,"q":1,"u":"u","nw":{"t":1,"u":"u"},"ppuom":"1.30/each","img":" https://www.ocado.com/images-v3/eafa5127-d256-497b-9609-4869092accd6/27de18b0-c61c-482c-9d3b-0c78b9dd1260/200x200.webp"}]],"ginger":[["tc",{"id":"253559297","n":"Tesco Root Ginger Loose","p":0.55,"q":1,"u":"u","nw":{"t":100,"u":"g"},"ppuom":"£5.50/kg","img":"https://digitalcontent.api.tesco.com/v2/media/ghs/72e4ac98-f62a-455c-bf29-36b66c4b0cb7/b2b202ab-1b24-4dc7-a482-a189169168e0.jpeg?h=225&w=225"}],["as",{"id":"1000116076101","n":"Ginger Purée 75g","p":0.98,"u":"Each","nw":{"t":75,"u":"g"},"ppuom":"13.1p/10GR","img":"https://ui.assets-asda.com/dm/asdagroceries/5060149412503?$ProdList$"}],["al",{"id":"000000000000266261","n":"Ginger","p":0.99,"q":1,"u":"pac","nw":{"t":125,"u":"g"},"img":"https://dm.emea.cms.aldi.cx/is/image/aldiprodeu/product/jpg/scaleWidth/200/26b331a0-b0c2-45d6-b930-3ffd635446b7/Ginger"}],["ms",{"id":"110044215","n":"Morrisons Crushed Ginger ","p":1,"q":1,"u":"pack","nw":{"t":75,"u":"g"},"ppuom":"1.33/100gram","img":" https://groceries.morrisons.com/images-v3/4b85987b-1398-4173-a0c1-3546047c9d74/22806c03-1ddd-441e-99d4-a992e5d62d8f/200x200.webp"}],["oc",{"id":"667677011","n":"Raw Organic Fresh Ginger & Lemon Sauerkraut","p":4.69,"q":1,"u":"pack","nw":{"t":410,"u":"g"},"ppuom":"1.14/100gram","img":" https://www.ocado.com/images-v3/eafa5127-d256-497b-9609-4869092accd6/89912b18-132d-41ed-8df0-33af928c9d88/200x200.webp"}]],"kale":[["as",{"id":"1000109022361","n":"Crisp & Earthy Unwashed Sliced Curly Kale 150g","p":0.77,"u":"Each","nw":{"t":150,"u":"g"},"ppuom":"£5.13/KG","img":"https://ui.assets-asda.com/dm/asdagroceries/5057172011568?$ProdList$"}],["al",{"id":"000000000000339974","n":"Scottish Shredded Kale","p":0.79,"q":1,"u":"ea","nw":{"t":200,"u":"g"},"img":"https://dm.emea.cms.aldi.cx/is/image/aldiprodeu/product/jpg/scaleWidth/200/6d1a8dce-348a-493b-bf6a-1e5bed925ac3/Scottish Shredded Kale"}],["ms",{"id":"112941551","n":"Morrisons Sliced Curly Kale","p":0.79,"q":1,"u":"pack","nw":{"t":150,"u":"g"},"ppuom":"0.53/100gram","img":" https://groceries.morrisons.com/images-v3/4b85987b-1398-4173-a0c1-3546047c9d74/77e1ff92-a526-4b34-8409-d070cafe73f9/200x200.webp"}],["tc",{"id":"301219155","n":"Tesco Curly Kale 180G","p":0.86,"q":1,"u":"u","nw":{"t":180,"u":"g"},"ppuom":"£4.78/kg","img":"https://digitalcontent.api.tesco.com/v2/media/ghs/6f14eaa3-626d-4160-aef1-6c6760263001/99496dd0-b4ed-46f2-9f28-a05dee7ee1bc.jpeg?h=225&w=225"}]],"garlic":[["al",{"id":"000000000000618715","n":"Loose Garlic","p":0.37,"q":1,"u":"ea","nw":{"t":1,"u":"u"},"img":"https://dm.emea.cms.aldi.cx/is/image/aldiprodeu/product/jpg/scaleWidth/200/7c3c9db5-0774-4ea6-ac52-a0fabe422350/Loose Garlic"}],["as",{"id":"910001811823","n":"Loose Garlic","p":0.39,"u":"Each","nw":{"t":1,"u":"u"},"ppuom":"39.0p/EA","img":"https://ui.assets-asda.com/dm/asdagroceries/0000000016742?$ProdList$"}],["tc",{"id":"313168547","n":"Tesco Large Garlic","p":0.4,"q":1,"u":"u","nw":{"t":1,"u":"u"},"ppuom":"£0.40/each","img":"https://digitalcontent.api.tesco.com/v2/media/ghs/161ccab8-39cd-4d63-bc91-e7132d46e4c5/5e546c2c-8875-4a23-bf33-e8deaaa1ca67_712747529.jpeg?h=225&w=225"}],["ms",{"id":"108388086","n":"Morrisons Garlic","p":0.45,"q":1,"u":"u","nw":{"t":1,"u":"u"},"ppuom":"0.45/each","img":" https://groceries.morrisons.com/images-v3/4b85987b-1398-4173-a0c1-3546047c9d74/0f1b5d14-b0d5-42b7-a0ef-89268856d107/200x200.webp"}],["oc",{"id":"528158011","n":"Cook With M&S Garlic","p":0.9,"q":1,"u":"pack","nw":{"t":"3","u":"u"},"ppuom":"0.30/each","img":" https://www.ocado.com/images-v3/eafa5127-d256-497b-9609-4869092accd6/b77cc67c-f0b8-4e6e-b09e-0cee3c8e6275/200x200.webp"}]],"coriander":[["al",{"id":"000000000000339817","n":"British Cut Coriander","p":0.52,"q":1,"u":"ea","nw":{"t":30,"u":"g"},"img":"https://dm.emea.cms.aldi.cx/is/image/aldiprodeu/product/jpg/scaleWidth/200/8ddbe68a-b8b7-41d4-8b3f-8e2ee345ed9a/British Cut Coriander"}],["as",{"id":"1000232766724","n":"Aromatic & Zesty Coriander","p":0.52,"u":"Each","nw":{"t":30,"u":"g"},"ppuom":"17.3p/10GR","img":"https://ui.assets-asda.com/dm/asdagroceries/5057172439775?$ProdList$"}],["tc",{"id":"292686490","n":"Tesco Fresh Cut Coriander 30G","p":0.52,"q":1,"u":"u","nw":{"t":30,"u":"g"},"ppuom":"£0.17/10g","img":"https://digitalcontent.api.tesco.com/v2/media/ghs/6a57817a-5872-4f9b-921b-74ddf78161c9/7f0da8fd-6218-4377-a4a9-e55c7609c192.jpeg?h=225&w=225"}]],"cucumber":[["oc",{"id":"647275011","n":"M&S Small Cucumber","p":0.7,"q":1,"u":"u","nw":{"t":1,"u":"u"},"ppuom":"0.70/each","img":" https://www.ocado.com/images-v3/eafa5127-d256-497b-9609-4869092accd6/a1ffc8b4-2d7d-4efa-b427-5150edd31a47/200x200.webp"}],["al",{"id":"000000000000273659","n":"Cucumber","p":0.89,"q":1,"u":"ea","nw":{"t":1,"u":"u"},"img":"https://dm.emea.cms.aldi.cx/is/image/aldiprodeu/product/jpg/scaleWidth/200/c6a064ff-d20c-43a0-990a-022a37798a53/Cucumber"}],["tc",{"id":"320567105","n":"Tesco Cucumber With Soured Cream & Chive Dip 120g ","p":1.5,"q":1,"u":"u","nw":{"t":120,"u":"g"},"ppuom":"£12.50/kg","img":"https://digitalcontent.api.tesco.com/v2/media/ghs/f45e2b13-7744-4476-b88e-3d131df2dbaa/0c0fa4be-a6af-4526-9260-8f93ed60e5e5.jpeg?h=225&w=225"}]],"carrot":[["tc",{"id":"254638565","n":"Tesco Carrots Loose","p":0.11,"q":1,"u":"u","nw":{"t":160,"u":"g"},"ppuom":"£0.69/kg","img":"https://digitalcontent.api.tesco.com/v2/media/ghs/db72be40-5ba5-439b-b111-354fc3ee4372/d9d8665b-2cd8-4e3c-89bb-27256d30a89f_56169258.jpeg?h=225&w=225"}],["al",{"id":"000000000000339792","n":"British Carrots","p":0.42,"q":1,"u":"ea","nw":{"t":500,"u":"g"},"img":"https://dm.emea.cms.aldi.cx/is/image/aldiprodeu/product/jpg/scaleWidth/200/ae486cc7-9a4f-4d00-a157-b9eee26ea8dc/British Carrots"}],["ms",{"id":"104266911","n":"Morrisons Savers Sliced Carrots (300g)","p":0.45,"q":1,"u":"pack","nw":{"t":160,"u":"g"},"ppuom":"2.81/kg","img":" https://groceries.morrisons.com/images-v3/4b85987b-1398-4173-a0c1-3546047c9d74/4f3c55d6-123e-4337-b4b6-d6cbfb4ecb95/200x200.webp"}],["as",{"id":"910003188304","n":"Crunchy & Sweet Carrots 500g","p":0.46,"u":"Each","nw":{"t":500,"u":"g"},"ppuom":"92.0p/KG","img":"https://ui.assets-asda.com/dm/asdagroceries/5054781580058?$ProdList$"}],["oc",{"id":"518655011","n":"M&S Carrots","p":0.55,"q":1,"u":"pack","nw":{"t":500,"u":"g"},"ppuom":"1.10/kg","img":" https://www.ocado.com/images-v3/eafa5127-d256-497b-9609-4869092accd6/fc401723-3e5e-412a-8463-c277f84c2662/200x200.webp"}]],"onion":{"brown onion":[["tc",{"id":"253557034","n":"Tesco Brown Onions Loose","p":0.12,"q":1,"u":"u","nw":{"t":120,"u":"g"},"ppuom":"£0.99/kg","img":"https://digitalcontent.api.tesco.com/v2/media/ghs/92eb3f22-271c-4be6-8bff-e5b084a32a77/9bc4adda-25e3-40ae-bcb5-41b5b241ce43.jpeg?h=225&w=225"}],["al",{"id":"000000000000339830","n":"British Wonky Brown Onions","p":0.8,"q":1,"u":"ea","nw":{"t":1000,"u":"g"},"img":"https://dm.emea.cms.aldi.cx/is/image/aldiprodeu/product/jpg/scaleWidth/200/e4b2dc71-77b9-4280-a225-b7d838912136/British Wonky Brown Onions"}],["as",{"id":"910003012588","n":"3 Crunchy & Fragrant Brown Onions","p":0.95,"u":"Each","nw":{"t":3,"u":"u"},"ppuom":"31.7p/EA","img":"https://ui.assets-asda.com/dm/asdagroceries/5054781511908?$ProdList$"}],["ms",{"id":"108504753","n":"Morrisons Brown Onions   1kg","p":0.99,"q":1,"u":"pack","nw":{"t":1000,"u":"g"},"ppuom":"0.99/kg","img":" https://groceries.morrisons.com/images-v3/4b85987b-1398-4173-a0c1-3546047c9d74/da836f80-9416-4da8-a991-5df8a575114e/200x200.webp"}],["oc",{"id":"501735011","n":"Daylesford Organic Brown Onions","p":1.7,"q":1,"u":"pack","nw":{"t":500,"u":"g"},"ppuom":"3.40/kg","img":" https://www.ocado.com/images-v3/eafa5127-d256-497b-9609-4869092accd6/6a8243fd-c86a-45af-88a5-7e8d73a7aa7c/200x200.webp"}]],"red onion":[["tc",{"id":"258114107","n":"Tesco Red Onions Loose","p":0.2,"q":1,"u":"u","nw":{"t":210,"u":"g"},"ppuom":"£0.95/kg","img":"https://digitalcontent.api.tesco.com/v2/media/ghs/4901409a-40f4-4106-9b51-f752832ad14f/9eaffb83-ce96-4521-9758-39770ee7c30c.jpeg?h=225&w=225"}],["as",{"id":"910003101905","n":"Sliced Red Onion","p":0.56,"u":"Each","nw":{"t":150,"u":"g"},"ppuom":"£3.73/KG","img":"https://ui.assets-asda.com/dm/asdagroceries/5054781557173?$ProdList$"}],["ms",{"id":"114065401","n":"Morrisons Market Street Sliced Red Onions ","p":0.75,"q":1,"u":"pack","nw":{"t":150,"u":"g"},"ppuom":"5.00/kg","img":" https://groceries.morrisons.com/images-v3/4b85987b-1398-4173-a0c1-3546047c9d74/33fb9876-0221-4079-861d-b8d8305dbd73/200x200.webp"}],["al",{"id":"000000000000339862","n":"Large Red Onions","p":0.95,"q":1,"u":"ea","nw":{"t":3,"u":"u"},"img":"https://dm.emea.cms.aldi.cx/is/image/aldiprodeu/product/jpg/scaleWidth/200/e6db7b4e-6383-4d9a-81e3-e6dd83c591a0/Large Red Onions"}],["oc",{"id":"513848011","n":"M&S Red Onions","p":1.2,"q":1,"u":"pack","nw":{"t":"3","u":"u"},"ppuom":"0.40/each","img":" https://www.ocado.com/images-v3/eafa5127-d256-497b-9609-4869092accd6/a0f7f340-d094-4f90-911f-b3ce3c5423a9/200x200.webp"}]],"onion":[["ms",{"id":"108504884","n":"Morrisons Loose Onion","p":0.16,"q":1,"u":"pack","nw":{"t":160,"u":"g","average":true},"ppuom":"0.99/kg","img":" https://groceries.morrisons.com/images-v3/4b85987b-1398-4173-a0c1-3546047c9d74/141088eb-d86c-4d83-bc99-a1d6bf4981c4/200x200.webp"}],["al",{"id":"000000000000587721","n":"Ready to Cook Diced Onion","p":0.45,"q":1,"u":"ea","nw":{"t":200,"u":"g"},"img":"https://dm.emea.cms.aldi.cx/is/image/aldiprodeu/product/jpg/scaleWidth/200/a104e10b-bd6c-4049-aed5-4c3ce78b7f51/Ready to Cook Diced Onion"}],["as",{"id":"910003087416","n":"Chopped Onion","p":0.54,"u":"Each","nw":{"t":200,"u":"g"},"ppuom":"£2.70/KG","img":"https://ui.assets-asda.com/dm/asdagroceries/5054781557166?$ProdList$"}],["oc",{"id":"517974011","n":"M&S Salad Onions","p":0.75,"q":1,"u":"u","nw":{"t":1,"u":"u"},"ppuom":"0.75/each","img":" https://www.ocado.com/images-v3/eafa5127-d256-497b-9609-4869092accd6/1cb256e2-321f-4439-b8a6-012f4feaf543/200x200.webp"}],["tc",{"id":"305982539","n":"Tesco Pink Onions 1Kg","p":0.95,"q":1,"u":"u","nw":{"t":1000,"u":"g"},"ppuom":"£0.95/kg","img":"https://digitalcontent.api.tesco.com/v2/media/ghs/6310acc3-8bde-454c-8323-c0eeec97053d/eb6a6472-53d6-4735-b0a9-fe8635a1172f.jpeg?h=225&w=225"}]]},"mushroom":{"baby button":[["al",{"id":"000000000000339785","n":"British Baby Button Mushrooms","p":0.99,"q":1,"u":"ea","nw":{"t":200,"u":"g"},"img":"https://dm.emea.cms.aldi.cx/is/image/aldiprodeu/product/jpg/scaleWidth/200/29d47889-1b5f-4c6d-820a-6319307e6eb2/British Baby Button Mushrooms"}],["as",{"id":"910003088989","n":"Mild & Tender Baby Button Mushrooms","p":1.14,"u":"Each","nw":{"t":200,"u":"g"},"ppuom":"£5.70/KG","img":"https://ui.assets-asda.com/dm/asdagroceries/5054781579656?$ProdList$"}],["tc",{"id":"280046454","n":"Tesco Baby Button Mushrooms 200G","p":1.15,"q":1,"u":"u","nw":{"t":200,"u":"g"},"ppuom":"£5.75/kg","img":"https://digitalcontent.api.tesco.com/v2/media/ghs/2b88c824-c859-4c6e-8928-502752354990/f73464cb-7a74-40df-a2a1-04c5f08d15d3.jpeg?h=225&w=225"}]],"mushroom":[["as",{"id":"1000087344364","n":"Mushrooms (Varieties may vary)","p":0.8,"u":"Each","nw":{"t":250,"u":"g"},"ppuom":"£3.20/KG","img":"https://ui.assets-asda.com/dm/asdagroceries/5057172010905?$ProdList$"}],["al",{"id":"000000000000339976","n":"Sliced Mushrooms","p":0.95,"q":1,"u":"ea","nw":{"t":250,"u":"g"},"img":"https://dm.emea.cms.aldi.cx/is/image/aldiprodeu/product/jpg/scaleWidth/200/c33b1208-e26b-49be-89fa-6a99a3275317/Sliced Mushrooms"}],["oc",{"id":"518478011","n":"M&S British White Mushrooms","p":1,"q":1,"u":"pack","nw":{"t":300,"u":"g"},"ppuom":"3.33/kg","img":" https://www.ocado.com/images-v3/eafa5127-d256-497b-9609-4869092accd6/b0b8368d-3b7c-46a7-a626-3a4768287193/200x200.webp"}],["tc",{"id":"287571051","n":"Tesco Sliced Mushrooms 250G","p":1.35,"q":1,"u":"u","nw":{"t":250,"u":"g"},"ppuom":"£5.40/kg","img":"https://digitalcontent.api.tesco.com/v2/media/ghs/7d21d485-c82d-4a7a-ae70-e28faa8aede4/b3b268f7-0680-4a11-89b3-d680edc206ee.jpeg?h=225&w=225"}],["ms",{"id":"105405215","n":"Morrisons Whole Button Mushrooms (290g)","p":1.5,"q":1,"u":"pack","nw":{"t":142,"u":"g"},"ppuom":"10.56/kg","img":" https://groceries.morrisons.com/images-v3/4b85987b-1398-4173-a0c1-3546047c9d74/3f366fae-e639-46ab-a2bd-f41bbd6a6f25/200x200.webp"}]]},"cabbage":{"savoy":[["al",{"id":"000000000000339970","n":"Savoy Cabbage","p":0.59,"q":1,"u":"ea","nw":{"t":1,"u":"u"},"img":"https://dm.emea.cms.aldi.cx/is/image/aldiprodeu/product/jpg/scaleWidth/200/68bfd64d-8cde-4825-9d2e-7210147ed66c/Savoy Cabbage"}],["tc",{"id":"255838396","n":"Tesco Savoy Cabbage Each","p":0.59,"q":1,"u":"u","nw":{"t":1,"u":"u"},"ppuom":"£0.59/each","img":"https://digitalcontent.api.tesco.com/v2/media/ghs/82fd9804-d6d2-49af-a8c0-491b9383baef/9d3d865e-9736-4308-8d48-28f187a1773d.jpeg?h=225&w=225"}],["ms",{"id":"108300961","n":"Morrisons Savoy Cabbage","p":0.59,"q":1,"u":"u","nw":{"t":1,"u":"u"},"ppuom":"0.59/each","img":" https://groceries.morrisons.com/images-v3/4b85987b-1398-4173-a0c1-3546047c9d74/f9c7dd7d-3dcd-4557-9309-bc35fb988fa8/200x200.webp"}],["oc",{"id":"518464011","n":"M&S Savoy Cabbage","p":0.75,"q":1,"u":"u","nw":{"t":1,"u":"u"},"ppuom":"0.75/each","img":" https://www.ocado.com/images-v3/eafa5127-d256-497b-9609-4869092accd6/4f1be645-0860-4050-9c26-f87f692b39a6/200x200.webp"}],["as",{"id":"20290","n":"Sweet & Earthy Savoy Cabbage","p":0.78,"u":"Each","nw":{"t":1,"u":"u"},"ppuom":"78.0p/EA","img":"https://ui.assets-asda.com/dm/asdagroceries/0000023009127?$ProdList$"}]],"red":[["ms",{"id":"105408168","n":"Morrisons Red Kidney Beans (400g)","p":0.49,"q":1,"u":"pack","nw":{"t":240,"u":"g"},"ppuom":"2.04/kg","img":" https://groceries.morrisons.com/images-v3/4b85987b-1398-4173-a0c1-3546047c9d74/cbafaf88-6c24-4ce6-a770-ea79dc900a44/200x200.webp"}],["al",{"id":"000000000340671002","n":"Red Cabbage","p":0.79,"q":1,"u":"ea","nw":{"t":1,"u":"u"},"img":"https://dm.emea.cms.aldi.cx/is/image/aldiprodeu/product/jpg/scaleWidth/200/bfeace4a-21aa-45b3-bf5a-b154a7a763d1/Red Cabbage"}],["tc",{"id":"294070184","n":"Tesco Red Cabbage Each","p":0.79,"q":1,"u":"u","nw":{"t":1,"u":"u"},"ppuom":"£0.79/each","img":"https://digitalcontent.api.tesco.com/v2/media/ghs/b8fe34a7-1b8a-4c84-81f7-8fc61cfeac08/21252334-3d92-421e-9121-43d3c3f95a08_11336673.jpeg?h=225&w=225"}],["oc",{"id":"519979011","n":"M&S Red Cabbage","p":0.95,"q":1,"u":"u","nw":{"t":1,"u":"u"},"ppuom":"0.95/each","img":" https://www.ocado.com/images-v3/eafa5127-d256-497b-9609-4869092accd6/ee6e89c8-be5b-4730-8a96-3d747fc9b934/200x200.webp"}],["as",{"id":"910000840588","n":"Red Cabbage (Typically 1kg)","p":1,"u":"Both","nw":{"t":1000,"u":"g"},"ppuom":"£1.00/KG","img":"https://ui.assets-asda.com/dm/asdagroceries/0267610000008?$ProdList$"}]]},"beans":{"runner":[["tc",{"id":"293953495","n":"Tesco Runner Beans 180G","p":1.4,"q":1,"u":"u","nw":{"t":180,"u":"g"},"ppuom":"£7.78/kg","img":"https://digitalcontent.api.tesco.com/v2/media/ghs/2ec8c760-0036-4d08-a857-52354c7d39ff/73064b7a-121a-46b8-a31d-345ecade016b.jpeg?h=225&w=225"}],["ms",{"id":"114723653","n":"  Morrisons Traditional Sliced Runner Beans","p":1.8,"q":1,"u":"pack","nw":{"t":160,"u":"g"},"ppuom":"11.25/kg","img":" https://groceries.morrisons.com/images-v3/4b85987b-1398-4173-a0c1-3546047c9d74/634f7ebb-ec6f-412a-a1c5-1a52ffb6ff18/200x200.webp"}],["oc",{"id":"517973011","n":"M&S Runner Beans","p":2.8,"q":1,"u":"pack","nw":{"t":360,"u":"g"},"ppuom":"7.78/kg","img":" https://www.ocado.com/images-v3/eafa5127-d256-497b-9609-4869092accd6/f752ffc9-25d1-452f-93c4-1bbd26086bc5/200x200.webp"}]]},"mix":{"mixed vegetables":[["ms",{"id":"114732074","n":"Morrisons Mixed Vegetables In Water 300g","p":0.6,"q":1,"u":"pack","nw":{"t":300,"u":"g"},"ppuom":"2.00/kg","img":" https://groceries.morrisons.com/images-v3/4b85987b-1398-4173-a0c1-3546047c9d74/d5f1a3c3-1f28-4cd1-b128-26dd41ce2afd/200x200.webp"}],["tc",{"id":"293905363","n":"Tesco Mixed Vegetables 225G","p":1.75,"q":1,"u":"u","nw":{"t":225,"u":"g"},"ppuom":"£7.78/kg","img":"https://digitalcontent.api.tesco.com/v2/media/ghs/74f8a7ac-5431-4291-91af-84e05f344e37/ce2b2dc7-06c5-48f0-b71e-d245d471ab70.jpeg?h=225&w=225"}]]},"lettuce":{"iceberg":[["al",{"id":"000000000000339803","n":"Chopped Iceberg Lettuce","p":0.64,"q":1,"u":"ea","nw":{"t":200,"u":"g"},"img":"https://dm.emea.cms.aldi.cx/is/image/aldiprodeu/product/jpg/scaleWidth/200/34a09d62-c7cd-44b5-827c-6482f4e9eb28/Chopped Iceberg Lettuce"}],["oc",{"id":"518090011","n":"M&S Iceberg Lettuce","p":0.95,"q":1,"u":"u","nw":{"t":1,"u":"u"},"ppuom":"0.95/each","img":" https://www.ocado.com/images-v3/eafa5127-d256-497b-9609-4869092accd6/6708fc9b-895d-46d5-a278-3bc4e37b3673/200x200.webp"}]]}}},"ts":"2025-09-07"}